<?xml version="1.0" encoding="UTF-8"?><collection xmlns="http://www.loc.gov/MARC21/slim"><record><leader>00373nam--2200133-i-4500</leader><controlfield tag="001">000007193</controlfield><controlfield tag="002">20161230</controlfield><controlfield tag="005">20161230201027</controlfield><controlfield tag="008">060222s1000------------r-----000-0-eng-d</controlfield><datafield ind1=" " ind2=" " tag="080"><subfield code="a">539.213:535.343.9(043)</subfield></datafield><datafield ind1=" " ind2=" " tag="100"><subfield code="a">Barnard, J.A.And Chayen, R</subfield></datafield><datafield ind1=" " ind2=" " tag="245"><subfield code="a">Modern methods of chemical analysis</subfield></datafield><datafield ind1=" " ind2=" " tag="260"><subfield code="a">London, Mcgraw-hill Publ.Co.Ltd., 1965 Xiii + 273 P</subfield></datafield><datafield ind1=" " ind2=" " tag="852"><subfield code="a">21825</subfield></datafield></record></collection>